@inproceedings{achlioptas2018learning,
  title     = {Learning Representations and Generative Models for 3D Point Clouds},
  author    = {Achlioptas, Panos and Diamanti, Olga and Mitliagkas, Ioannis and Guibas, Leonidas},
  booktitle = {International Conference on Machine Learning},
  pages     = {40--49},
  year      = {2018}
}

@article{arjovsky2017wasserstein,
  title   = {Wasserstein gan},
  author  = {Arjovsky, Martin and Chintala, Soumith and Bottou, L{\'e}on},
  journal = {arXiv preprint arXiv:1701.07875},
  year    = {2017}
}

@article{arjovsky2019invariant,
  title   = {Invariant risk minimization},
  author  = {Arjovsky, Martin and Bottou, L{\'e}on and Gulrajani, Ishaan and Lopez-Paz, David},
  journal = {arXiv preprint arXiv:1907.02893},
  year    = {2019}
}

@unknown{watters2019,
  author = {Watters, Nicholas and Matthey, Loic and Burgess, Christopher and Lerchner, Alexander},
  year   = {2019},
  month  = {01},
  pages  = {},
  title  = {Spatial Broadcast Decoder: A Simple Architecture for Learning Disentangled Representations in VAEs}
}

@article{ben2010theory,
  title     = {A theory of learning from different domains},
  author    = {Ben-David, Shai and Blitzer, John and Crammer, Koby and Kulesza, Alex and Pereira, Fernando and Vaughan, Jennifer Wortman},
  journal   = {Machine learning},
  volume    = {79},
  number    = {1-2},
  pages     = {151--175},
  year      = {2010},
  publisher = {Springer}
}

@inproceedings{benaim2018estimating,
  title     = {Estimating the success of unsupervised image to image translation},
  author    = {Benaim, Sagie and Galanti, Tomer and Wolf, Lior},
  booktitle = {Proceedings of the European Conference on Computer Vision (ECCV)},
  pages     = {218--233},
  year      = {2018}
}

@inproceedings{benaim2018one,
  title     = {One-shot unsupervised cross domain translation},
  author    = {Benaim, Sagie and Wolf, Lior},
  booktitle = {Advances in Neural Information Processing Systems},
  pages     = {2104--2114},
  year      = {2018}
}

@article{bengio2013representation,
  title     = {Representation learning: A review and new perspectives},
  author    = {Bengio, Yoshua and Courville, Aaron and Vincent, Pascal},
  journal   = {IEEE transactions on pattern analysis and machine intelligence},
  volume    = {35},
  number    = {8},
  pages     = {1798--1828},
  year      = {2013},
  publisher = {IEEE}
}

@article{burda2015importance,
  title   = {Importance weighted autoencoders},
  author  = {Burda, Yuri and Grosse, Roger and Salakhutdinov, Ruslan},
  journal = {arXiv preprint arXiv:1509.00519},
  year    = {2015}
}

@article{burgess2019monet,
  title   = {Monet: Unsupervised scene decomposition and representation},
  author  = {Burgess, Christopher P and Matthey, Loic and Watters, Nicholas and Kabra, Rishabh and Higgins, Irina and Botvinick, Matt and Lerchner, Alexander},
  journal = {arXiv preprint arXiv:1901.11390},
  year    = {2019}
}

@inproceedings{chen2018isolating,
  title     = {Isolating sources of disentanglement in variational autoencoders},
  author    = {Chen, Tian Qi and Li, Xuechen and Grosse, Roger B and Duvenaud, David K},
  booktitle = {Advances in Neural Information Processing Systems},
  pages     = {2610--2620},
  year      = {2018}
}

@inproceedings{choi2018stargan,
  title     = {Stargan: Unified generative adversarial networks for multi-domain image-to-image translation},
  author    = {Choi, Yunjey and Choi, Minje and Kim, Munyoung and Ha, Jung-Woo and Kim, Sunghun and Choo, Jaegul},
  booktitle = {Proceedings of the IEEE Conference on Computer Vision and Pattern Recognition},
  pages     = {8789--8797},
  year      = {2018}
}

@inproceedings{choi2019starganv2,
  title     = {StarGAN v2: Diverse Image Synthesis for Multiple Domains},
  author    = {Choi, Yunjey and Ha,Youngjung and Yoo, Jaejun and Uh, Jung-Woo and Kim, Sunghun and Choo, Jaegul},
  booktitle = {Computer Vision and Pattern Recognition (CVPR)},
  year      = {2020}
}

@article{donders2006gentle,
  title     = {A gentle introduction to imputation of missing values},
  author    = {Donders, A Rogier T and Van Der Heijden, Geert JMG and Stijnen, Theo and Moons, Karel GM},
  journal   = {Journal of clinical epidemiology},
  volume    = {59},
  number    = {10},
  pages     = {1087--1091},
  year      = {2006},
  publisher = {Elsevier}
}

@inproceedings{engelcke2019genesis,
  title     = {GENESIS: Generative Scene Inference and Sampling with Object-Centric Latent Representations},
  author    = {Martin Engelcke and Adam R. Kosiorek and Oiwi Parker Jones and Ingmar Posner},
  booktitle = {International Conference on Learning Representations},
  year      = {2020},
  url       = {https://openreview.net/forum?id=BkxfaTVFwH}
}

@article{eslami2018neural,
  title     = {Neural scene representation and rendering},
  author    = {Eslami, SM Ali and Rezende, Danilo Jimenez and Besse, Frederic and Viola, Fabio and Morcos, Ari S and Garnelo, Marta and Ruderman, Avraham and Rusu, Andrei A and Danihelka, Ivo and Gregor, Karol and others},
  journal   = {Science},
  volume    = {360},
  number    = {6394},
  pages     = {1204--1210},
  year      = {2018},
  publisher = {American Association for the Advancement of Science}
}

@article{galanti2018generalization,
  title   = {Generalization bounds for unsupervised cross-domain mapping with wgans},
  author  = {Galanti, Tomer and Benaim, Sagie and Wolf, Lior},
  journal = {arXiv preprint arXiv:1807.08501},
  year    = {2018}
}

@article{galanti2017role,
  title   = {The role of minimal complexity functions in unsupervised learning of semantic mappings},
  author  = {Galanti, Tomer and Wolf, Lior and Benaim, Sagie},
  journal = {arXiv preprint arXiv:1709.00074},
  year    = {2017}
}

@article{ganin2016domain,
  title     = {Domain-adversarial training of neural networks},
  author    = {Ganin, Yaroslav and Ustinova, Evgeniya and Ajakan, Hana and Germain, Pascal and Larochelle, Hugo and Laviolette, Fran{\c{c}}ois and Marchand, Mario and Lempitsky, Victor},
  journal   = {The Journal of Machine Learning Research},
  volume    = {17},
  number    = {1},
  pages     = {2096--2030},
  year      = {2016},
  publisher = {JMLR. org}
}

@article{gatys2015neural,
  title   = {A neural algorithm of artistic style},
  author  = {Gatys, Leon A and Ecker, Alexander S and Bethge, Matthias},
  journal = {arXiv preprint arXiv:1508.06576},
  year    = {2015}
}

@inproceedings{gonzalez2018image,
  title     = {Image-to-image translation for cross-domain disentanglement},
  author    = {Gonzalez-Garcia, Abel and van de Weijer, Joost and Bengio, Yoshua},
  booktitle = {Advances in Neural Information Processing Systems},
  pages     = {1287--1298},
  year      = {2018}
}

@inproceedings{goodfellow2014generative,
  title     = {Generative adversarial nets},
  author    = {Goodfellow, Ian and Pouget-Abadie, Jean and Mirza, Mehdi and Xu, Bing and Warde-Farley, David and Ozair, Sherjil and Courville, Aaron and Bengio, Yoshua},
  booktitle = {Advances in neural information processing systems},
  pages     = {2672--2680},
  year      = {2014}
}

@inproceedings{greff2019multi,
  title     = {Multi-Object Representation Learning with Iterative Variational Inference},
  author    = {Greff, Klaus and Kaufman, Rapha{\"e}l Lopez and Kabra, Rishabh and Watters, Nick and Burgess, Christopher and Zoran, Daniel and Matthey, Loic and Botvinick, Matthew and Lerchner, Alexander},
  booktitle = {Proceedings of the 36th International Conference on Machine Learning},
  pages     = {2424--2433},
  year      = {2019},
  volume    = {97},
  publisher = {PMLR}
}



@inproceedings{huang2017arbitrary,
  title     = {Arbitrary style transfer in real-time with adaptive instance normalization},
  author    = {Huang, Xun and Belongie, Serge},
  booktitle = {Proceedings of the IEEE International Conference on Computer Vision},
  pages     = {1501--1510},
  year      = {2017}
}

@inproceedings{huang2018multimodal,
  title     = {Multimodal unsupervised image-to-image translation},
  author    = {Huang, Xun and Liu, Ming-Yu and Belongie, Serge and Kautz, Jan},
  booktitle = {Proceedings of the European Conference on Computer Vision (ECCV)},
  pages     = {172--189},
  year      = {2018}
}

@inproceedings{hui2018unsupervised,
  title        = {Unsupervised multi-domain image translation with domain-specific encoders/decoders},
  author       = {Hui, Le and Li, Xiang and Chen, Jiaxin and He, Hongliang and Yang, Jian},
  booktitle    = {2018 24th International Conference on Pattern Recognition (ICPR)},
  pages        = {2044--2049},
  year         = {2018},
  organization = {IEEE}
}

@inproceedings{isola2017image,
  title     = {Image-to-image translation with conditional adversarial networks},
  author    = {Isola, Phillip and Zhu, Jun-Yan and Zhou, Tinghui and Efros, Alexei A},
  booktitle = {Proceedings of the IEEE conference on computer vision and pattern recognition},
  pages     = {1125--1134},
  year      = {2017}
}

@inproceedings{johnson2017clevr,
  title     = {Clevr: A diagnostic dataset for compositional language and elementary visual reasoning},
  author    = {Johnson, Justin and Hariharan, Bharath and van der Maaten, Laurens and Fei-Fei, Li and Lawrence Zitnick, C and Girshick, Ross},
  booktitle = {Proceedings of the IEEE Conference on Computer Vision and Pattern Recognition},
  pages     = {2901--2910},
  year      = {2017}
}

@article{kahn1953methods,
  title     = {Methods of reducing sample size in Monte Carlo computations},
  author    = {Kahn, Herman and Marshall, Andy W},
  journal   = {Journal of the Operations Research Society of America},
  volume    = {1},
  number    = {5},
  pages     = {263--278},
  year      = {1953},
  publisher = {INFORMS}
}

@inproceedings{kim2017learning,
  title        = {Learning to discover cross-domain relations with generative adversarial networks},
  author       = {Kim, Taeksoo and Cha, Moonsu and Kim, Hyunsoo and Lee, Jung Kwon and Kim, Jiwon},
  booktitle    = {Proceedings of the 34th International Conference on Machine Learning-Volume 70},
  pages        = {1857--1865},
  year         = {2017},
  organization = {JMLR. org}
}

@inproceedings{kim2018disentangling,
  title     = {Disentangling by factorising},
  author    = {Kim, Hyunjik and Mnih, Andriy},
  booktitle = {Proceedings of the 35rd International Conference on Machine Learning},
  year      = {2018},
  pages     = {2649--2658},
  volume    = {80}
}




@article{kingma2013auto,
  title   = {Auto-encoding variational bayes},
  author  = {Kingma, Diederik P and Welling, Max},
  journal = {2nd International Conference on Learning Representations, {ICLR} 2019},
  year    = {2014}
}

@inproceedings{kingma2014semi,
  title     = {Semi-supervised learning with deep generative models},
  author    = {Kingma, Durk P and Mohamed, Shakir and Rezende, Danilo Jimenez and Welling, Max},
  booktitle = {Advances in neural information processing systems},
  pages     = {3581--3589},
  year      = {2014}
}

@inproceedings{kingma2015variational,
  title     = {Variational dropout and the local reparameterization trick},
  author    = {Kingma, Durk P and Salimans, Tim and Welling, Max},
  booktitle = {Advances in neural information processing systems},
  pages     = {2575--2583},
  year      = {2015}
}

@article{lample2017unsupervised,
  title   = {Unsupervised machine translation using monolingual corpora only},
  author  = {Lample, Guillaume and Conneau, Alexis and Denoyer, Ludovic and Ranzato, Marc'Aurelio},
  journal = {arXiv preprint arXiv:1711.00043},
  year    = {2017}
}

@inproceedings{lecun2004learning,
  title        = {Learning methods for generic object recognition with invariance to pose and lighting},
  author       = {LeCun, Yann and Huang, Fu Jie and Bottou, Leon},
  booktitle    = {Proceedings of the 2004 IEEE Computer Society Conference on Computer Vision and Pattern Recognition, 2004. CVPR 2004.},
  volume       = {2},
  pages        = {II--104},
  year         = {2004},
  organization = {IEEE}
}

@inproceedings{lee2018diverse,
  title     = {Diverse image-to-image translation via disentangled representations},
  author    = {Lee, Hsin-Ying and Tseng, Hung-Yu and Huang, Jia-Bin and Singh, Maneesh and Yang, Ming-Hsuan},
  booktitle = {Proceedings of the European Conference on Computer Vision (ECCV)},
  pages     = {35--51},
  year      = {2018}
}

@article{lee2019drit++,
  title   = {DRIT++: Diverse Image-to-Image Translation via Disentangled Representations},
  author  = {Lee, Hsin-Ying and Tseng, Hung-Yu and Mao, Qi and Huang, Jia-Bin and Lu, Yu-Ding and Singh, Maneesh and Yang, Ming-Hsuan},
  journal = {International Journal of Computer Vision },
  year    = {2020}
}

@article{li2018point,
  title   = {Point cloud gan},
  author  = {Li, Chun-Liang and Zaheer, Manzil and Zhang, Yang and Poczos, Barnabas and Salakhutdinov, Ruslan},
  journal = {arXiv preprint arXiv:1810.05795},
  year    = {2018}
}

@inproceedings{li2018learning,
  title     = {Learning from Incomplete Data with Generative Adversarial Networks},
  author    = {Steven Cheng-Xian Li and Bo Jiang and Benjamin Marlin},
  booktitle = {International Conference on Learning Representations},
  year      = {2019},
  url       = {https://openreview.net/forum?id=S1lDV3RcKm}
}


@article{Lee2019CollaGANCG,
  title   = {CollaGAN: Collaborative GAN for Missing Image Data Imputation},
  author  = {Dongwook Lee and Junyoung Kim and Won-Jin Moon and Jong Chul Ye},
  journal = {2019 IEEE/CVF Conference on Computer Vision and Pattern Recognition (CVPR)},
  year    = {2019},
  pages   = {2482-2491}
}

@inproceedings{mao2019modeseeking,
  author    = {Mao, Qi and Lee, Hsin-Ying and Tseng, Hung-Yu and Ma, Siwei and Yang, Ming-Hsuan},
  booktitle = {IEEE Conference on Computer Vision and Pattern Recognition},
  title     = {Mode Seeking Generative Adversarial Networks for Diverse Image Synthesis},
  year      = {2019}
}

@inproceedings{lin2018pacgan,
  title     = {Pacgan: The power of two samples in generative adversarial networks},
  author    = {Lin, Zinan and Khetan, Ashish and Fanti, Giulia and Oh, Sewoong},
  booktitle = {Advances in Neural Information Processing Systems},
  pages     = {1498--1507},
  year      = {2018}
}

@inproceedings{li2019misgan,
  author    = {Steven Cheng{-}Xian Li and
               Bo Jiang and
               Benjamin M. Marlin},
  title     = {MisGAN: Learning from Incomplete Data with Generative Adversarial
               Networks},
  booktitle = {7th International Conference on Learning Representations, {ICLR} 2019,
               New Orleans, LA, USA, May 6-9, 2019},
  publisher = {OpenReview.net},
  year      = {2019},
  url       = {https://openreview.net/forum?id=S1lDV3RcKm},
  timestamp = {Thu, 25 Jul 2019 14:25:47 +0200},
  biburl    = {https://dblp.org/rec/conf/iclr/LiJM19.bib},
  bibsource = {dblp computer science bibliography, https://dblp.org}
}

@inproceedings{liu2018unified,
  title     = {A unified feature disentangler for multi-domain image translation and manipulation},
  author    = {Liu, Alexander H and Liu, Yen-Cheng and Yeh, Yu-Ying and Wang, Yu-Chiang Frank},
  booktitle = {Advances in Neural Information Processing Systems},
  pages     = {2590--2599},
  year      = {2018}
}

@inproceedings{shang2017vigan,
  author    = {C. {Shang} and A. {Palmer} and J. {Sun} and K. {Chen} and J. {Lu} and J. {Bi}},
  booktitle = {2017 IEEE International Conference on Big Data (Big Data)},
  title     = {VIGAN: Missing view imputation with generative adversarial networks},
  year      = {2017},
  volume    = {},
  number    = {},
  pages     = {766-775}
}

@inproceedings{liu2017unsupervised,
  title     = {Unsupervised image-to-image translation networks},
  author    = {Liu, Ming-Yu and Breuel, Thomas and Kautz, Jan},
  booktitle = {Advances in neural information processing systems},
  pages     = {700--708},
  year      = {2017}
}

@inproceedings{yoon2020novel,
  title     = {Novel View Synthesis of Dynamic Scenes with Globally Coherent Depths from a Monocular Camera},
  author    = {Jae Shin Yoon and Kihwan Kim and Orazio Gallo and Hyun Soo Park and Jan Kautz},
  year      = {2020},
  booktitle = {IEEE Conference on Computer Vision and Pattern Recognition (CVPR)}
}

@inproceedings{liu2019few,
  title     = {Few-Shot Unsupervised Image-to-Image Translation},
  author    = {Ming-Yu Liu and Xun Huang and Arun Mallya and Tero Karras and Timo Aila and Jaakko Lehtinen and Jan Kautz},
  booktitle = {IEEE International Conference on Computer Vision (ICCV)},
  year      = {2019}
}

@misc{mildenhall2020nerf,
  title         = {NeRF: Representing Scenes as Neural Radiance Fields for View Synthesis},
  author        = {Ben Mildenhall and Pratul P. Srinivasan and Matthew Tancik and Jonathan T. Barron and Ravi Ramamoorthi and Ren Ng},
  year          = {2020},
  eprint        = {2003.08934},
  archiveprefix = {arXiv},
  primaryclass  = {cs.CV}
}

@article{locatello2018challenging,
  title   = {Challenging common assumptions in the unsupervised learning of disentangled representations},
  author  = {Locatello, Francesco and Bauer, Stefan and Lucic, Mario and R{\"a}tsch, Gunnar and Gelly, Sylvain and Sch{\"o}lkopf, Bernhard and Bachem, Olivier},
  journal = {International Conference on Machine Learning},
  year    = {2019}
}

@inproceedings{magliacane2018domain,
  title     = {Domain adaptation by using causal inference to predict invariant conditional distributions},
  author    = {Magliacane, Sara and van Ommen, Thijs and Claassen, Tom and Bongers, Stephan and Versteeg, Philip and Mooij, Joris M},
  booktitle = {Advances in Neural Information Processing Systems},
  pages     = {10846--10856},
  year      = {2018}
}

@article{makhzani2015adversarial,
  title   = {Adversarial autoencoders},
  author  = {Makhzani, Alireza and Shlens, Jonathon and Jaitly, Navdeep and Goodfellow, Ian and Frey, Brendan},
  journal = {arXiv preprint arXiv:1511.05644},
  year    = {2015}
}

@inproceedings{qi2017pointnet,
  title     = {Pointnet: Deep learning on point sets for 3d classification and segmentation},
  author    = {Qi, Charles R and Su, Hao and Mo, Kaichun and Guibas, Leonidas J},
  booktitle = {Proceedings of the IEEE conference on computer vision and pattern recognition},
  pages     = {652--660},
  year      = {2017}
}


@inproceedings{rezende2014stochastic,
  title     = {Stochastic Backpropagation and Approximate Inference in Deep Generative Models},
  author    = {Danilo Jimenez Rezende and Shakir Mohamed and Daan Wierstra},
  booktitle = {Proceedings of the 31st International Conference on Machine Learning},
  pages     = {1278--1286},
  year      = {2014},
  volume    = {32},
  number    = {2},
  publisher = {PMLR}
}


@inproceedings{sitzmann2019scene,
  title     = {Scene representation networks: Continuous 3D-structure-aware neural scene representations},
  author    = {Sitzmann, Vincent and Zollh{\"o}fer, Michael and Wetzstein, Gordon},
  booktitle = {Advances in Neural Information Processing Systems},
  pages     = {1119--1130},
  year      = {2019}
}

@inproceedings{sohn2018unsupervised,
  title     = {Unsupervised Domain Adaptation for Distance Metric Learning},
  author    = {Kihyuk Sohn and Wenling Shang and Xiang Yu and Manmohan Chandraker},
  booktitle = {International Conference on Learning Representations},
  year      = {2019},
  url       = {https://openreview.net/forum?id=BklhAj09K7}
}


@inproceedings{taigman2016unsupervised,
  author    = {Yaniv Taigman and
               Adam Polyak and
               Lior Wolf},
  title     = {Unsupervised Cross-Domain Image Generation},
  booktitle = {5th International Conference on Learning Representations, {ICLR}},
  year      = {2017}
}

@article{tolstikhin2017wasserstein,
  title   = {Wasserstein auto-encoders},
  author  = {Tolstikhin, Ilya and Bousquet, Olivier and Gelly, Sylvain and Schoelkopf, Bernhard},
  journal = {arXiv preprint arXiv:1711.01558},
  year    = {2017}
}

@conference{tschannen2018recent,
  author    = {Tschannen, Michael and Bachem, Olivier and Lucic, Mario},
  title     = {Recent advances in autoencoder-based representation learning},
  booktitle = {Third workshop on Bayesian Deep Learning (NeurIPS 2018)},
  year      = 2018,
  keywords  = {autoencoder, variational autoencoder, representation learning, disentanglement, rate-distortion tradeoff, unsupervised},
  url       = {http://www.nari.ee.ethz.ch/pubs/p/autoenc2018}
}


@inproceedings{van2019disentangled,
  title     = {Are Disentangled Representations Helpful for Abstract Visual Reasoning?},
  author    = {van Steenkiste, Sjoerd and Locatello, Francesco and Schmidhuber, J{\"u}rgen and Bachem, Olivier},
  booktitle = {Advances in Neural Information Processing Systems},
  pages     = {14222--14235},
  year      = {2019}
}

@article{watters2019spatial,
  title   = {Spatial broadcast decoder: A simple architecture for learning disentangled representations in vaes},
  author  = {Watters, Nicholas and Matthey, Loic and Burgess, Christopher P and Lerchner, Alexander},
  journal = {arXiv preprint arXiv:1901.07017},
  year    = {2019}
}

@inproceedings{zaheer2017deep,
  title     = {Deep sets},
  author    = {Zaheer, Manzil and Kottur, Satwik and Ravanbakhsh, Siamak and Poczos, Barnabas and Salakhutdinov, Ruslan R and Smola, Alexander J},
  booktitle = {Advances in neural information processing systems},
  pages     = {3391--3401},
  year      = {2017}
}

@inproceedings{zhu2017toward,
  title     = {Toward multimodal image-to-image translation},
  author    = {Zhu, Jun-Yan and Zhang, Richard and Pathak, Deepak and Darrell, Trevor and Efros, Alexei A and Wang, Oliver and Shechtman, Eli},
  booktitle = {Advances in Neural Information Processing Systems},
  pages     = {465--476},
  year      = {2017}
}

@inproceedings{zhu2017unpaired,
  title     = {Upaired image-to-image translation using cycle-consistent adversarial networks},
  author    = {Zhu, Jun-Yan and Park, Taesung and Isola, Phillip and Efros, Alexei A},
  booktitle = {Proceedings of the IEEE international conference on computer vision},
  pages     = {2223--2232},
  year      = {2017}
}

@article{Belghazi2018MINEMI,
  title   = {MINE: Mutual Information Neural Estimation},
  author  = {Ishmael Belghazi and Sai Rajeswar and A. Baratin and R. Devon Hjelm and Aaron C. Courville},
  journal = {ArXiv},
  year    = {2018},
  volume  = {abs/1801.04062}
}

@inproceedings{Bouchacourt2018MultiLevelVA,
  title     = {Multi-Level Variational Autoencoder: Learning Disentangled Representations from Grouped Observations},
  author    = {Diane Bouchacourt and Ryota Tomioka and S. Nowozin},
  booktitle = {AAAI},
  year      = {2018}
}

@inproceedings{Chen2018IsolatingSO,
  title     = {Isolating Sources of Disentanglement in Variational Autoencoders},
  author    = {Tian Qi Chen and X. Li and Roger B. Grosse and D. Duvenaud},
  booktitle = {NeurIPS},
  year      = {2018}
}

@article{Chen2020WeaklySD,
  title   = {Weakly Supervised Disentanglement by Pairwise Similarities},
  author  = {Junxiang Chen and K. Batmanghelich},
  journal = {Proceedings of the ... AAAI Conference on Artificial Intelligence. AAAI Conference on Artificial Intelligence},
  year    = {2020},
  volume  = {34 4},
  pages   = {
             3495-3502
             }
}

@article{Denton2017UnsupervisedLO,
  title   = {Unsupervised Learning of Disentangled Representations from Video},
  author  = {Emily L. Denton and Vighnesh Birodkar},
  journal = {ArXiv},
  year    = {2017},
  volume  = {abs/1705.10915}
}

@inproceedings{Eastwood2018AFF,
  title     = {A Framework for the Quantitative Evaluation of Disentangled Representations},
  author    = {C. Eastwood and C. K. Williams},
  booktitle = {ICLR},
  year      = {2018}
}

@inproceedings{Esmaeili2019StructuredDR,
  title     = {Structured Disentangled Representations},
  author    = {B. Esmaeili and H. Wu and Sarthak Jain and Alican Bozkurt and N. Siddharth and Brooks Paige and D. Brooks and J. Dy and Jan-Willem van de Meent},
  booktitle = {AISTATS},
  year      = {2019}
}

@article{Esser2019UnsupervisedRD,
  title   = {Unsupervised Robust Disentangling of Latent Characteristics for Image Synthesis},
  author  = {Patrick Esser and Johannes Haux and B. Ommer},
  journal = {2019 IEEE/CVF International Conference on Computer Vision (ICCV)},
  year    = {2019},
  pages   = {2699-2709}
}

@article{Gabbay2020DemystifyingID,
  title   = {Demystifying Inter-Class Disentanglement},
  author  = {Aviv Gabbay and Yedid Hoshen},
  journal = {arXiv: Learning},
  year    = {2020}
}

@article{Hadad2018ATD,
  title   = {A Two-Step Disentanglement Method},
  author  = {Naama Hadad and Lior Wolf and S. Shahar},
  journal = {2018 IEEE/CVF Conference on Computer Vision and Pattern Recognition},
  year    = {2018},
  pages   = {772-780}
}

@inproceedings{Higgins2017betaVAELB,
  title     = {beta-VAE: Learning Basic Visual Concepts with a Constrained Variational Framework},
  author    = {I. Higgins and Lo{\"i}c Matthey and A. Pal and Christopher P. Burgess and Xavier Glorot and M. Botvinick and S. Mohamed and Alexander Lerchner},
  booktitle = {ICLR},
  year      = {2017}
}

@inproceedings{Hosoya2019GroupbasedLO,
  title     = {Group-based Learning of Disentangled Representations with Generalizability for Novel Contents},
  author    = {H. Hosoya},
  booktitle = {IJCAI},
  year      = {2019}
}

@inproceedings{Hsieh2018LearningTD,
  title     = {Learning to Decompose and Disentangle Representations for Video Prediction},
  author    = {Jun-Ting Hsieh and B. Liu and Dean Huang and Li Fei-Fei and Juan Carlos Niebles},
  booktitle = {NeurIPS},
  year      = {2018}
}

@inproceedings{Hsu2017UnsupervisedLO,
  title     = {Unsupervised Learning of Disentangled and Interpretable Representations from Sequential Data},
  author    = {Wei-Ning Hsu and Yu Zhang and James R. Glass},
  booktitle = {NIPS},
  year      = {2017}
}

@inproceedings{Ilse2020DIVADI,
  title     = {DIVA: Domain Invariant Variational Autoencoders},
  author    = {Maximilian Ilse and Jakub M. Tomczak and Christos Louizos and M. Welling},
  booktitle = {MIDL},
  year      = {2020}
}

@inproceedings{Kim2018DisentanglingBF,
  title     = {Disentangling by Factorising},
  author    = {Hyunjik Kim and A. Mnih},
  booktitle = {ICML},
  year      = {2018}
}

@article{Kingma2014AutoEncodingVB,
  title   = {Auto-Encoding Variational Bayes},
  author  = {Diederik P. Kingma and M. Welling},
  journal = {CoRR},
  year    = {2014},
  volume  = {abs/1312.6114}
}

@inproceedings{Kingma2014SemisupervisedLW,
  title     = {Semi-supervised Learning with Deep Generative Models},
  author    = {Diederik P. Kingma and S. Mohamed and Danilo Jimenez Rezende and M. Welling},
  booktitle = {NIPS},
  year      = {2014}
}

@inproceedings{Klys2018LearningLS,
  title     = {Learning Latent Subspaces in Variational Autoencoders},
  author    = {Jack Klys and J. Snell and R. Zemel},
  booktitle = {NeurIPS},
  year      = {2018}
}

@article{Kotovenko2019ContentAS,
  title   = {Content and Style Disentanglement for Artistic Style Transfer},
  author  = {Dmytro Kotovenko and A. Sanakoyeu and Sabine Lang and B. Ommer},
  journal = {2019 IEEE/CVF International Conference on Computer Vision (ICCV)},
  year    = {2019},
  pages   = {4421-4430}
}

@article{Kumar2018VariationalIO,
  title   = {Variational Inference of Disentangled Latent Concepts from Unlabeled Observations},
  author  = {Abhishek Kumar and P. Sattigeri and Avinash Balakrishnan},
  journal = {ArXiv},
  year    = {2018},
  volume  = {abs/1711.00848}
}

@inproceedings{Lample2017FaderNM,
  title     = {Fader Networks: Manipulating Images by Sliding Attributes},
  author    = {Guillaume Lample and Neil Zeghidour and Nicolas Usunier and Antoine Bordes and Ludovic Denoyer and Marc'Aurelio Ranzato},
  booktitle = {NIPS},
  year      = {2017}
}

@inproceedings{Li2018DisentangledSA,
  title     = {Disentangled Sequential Autoencoder},
  author    = {Yingzhen Li and S. Mandt},
  booktitle = {ICML},
  year      = {2018}
}

@article{Liu2019FewShotUI,
  title   = {Few-Shot Unsupervised Image-to-Image Translation},
  author  = {Ming-Yu Liu and Xun Huang and Arun Mallya and Tero Karras and Timo Aila and J. Lehtinen and J. Kautz},
  journal = {2019 IEEE/CVF International Conference on Computer Vision (ICCV)},
  year    = {2019},
  pages   = {10550-10559}
}

@article{Locatello2019ChallengingCA,
  title   = {Challenging Common Assumptions in the Unsupervised Learning of Disentangled Representations},
  author  = {Francesco Locatello and Stefan Bauer and Mario Lucic and S. Gelly and B. Sch{\"o}lkopf and Olivier Bachem},
  journal = {ArXiv},
  year    = {2019},
  volume  = {abs/1811.12359}
}

@article{Louizos2016TheVF,
  title   = {The Variational Fair Autoencoder},
  author  = {Christos Louizos and Kevin Swersky and Y. Li and M. Welling and R. Zemel},
  journal = {CoRR},
  year    = {2016},
  volume  = {abs/1511.00830}
}

@article{Mathieu2016DisentanglingFO,
  title   = {Disentangling factors of variation in deep representation using adversarial training},
  author  = {Micha{\"e}l Mathieu and J. Zhao and P. Sprechmann and A. Ramesh and Y. LeCun},
  journal = {ArXiv},
  year    = {2016},
  volume  = {abs/1611.03383}
}

@inproceedings{Mathieu2019DisentanglingDI,
  title     = {Disentangling Disentanglement in Variational Autoencoders},
  author    = {Emile Mathieu and Tom Rainforth and Siddharth Narayanaswamy and Y. Teh},
  booktitle = {ICML},
  year      = {2019}
}

@inproceedings{Narayanaswamy2017LearningDR,
  title     = {Learning Disentangled Representations with Semi-Supervised Deep Generative Models},
  author    = {S. Narayanaswamy and Brooks Paige and Jan-Willem van de Meent and Alban Desmaison and Noah D. Goodman and P. Kohli and Frank D. Wood and P. Torr},
  booktitle = {NIPS},
  year      = {2017}
}

@article{Nguyen2010EstimatingDF,
  title   = {Estimating Divergence Functionals and the Likelihood Ratio by Convex Risk Minimization},
  author  = {X. Nguyen and M. Wainwright and Michael I. Jordan},
  journal = {IEEE Transactions on Information Theory},
  year    = {2010},
  volume  = {56},
  pages   = {5847-5861}
}

@inproceedings{Nmeth2020AdversarialDW,
  title     = {Adversarial Disentanglement with Grouped Observations},
  author    = {J. N{\'e}meth},
  booktitle = {AAAI},
  year      = {2020}
}

@inproceedings{Rezende2014StochasticBA,
  title     = {Stochastic Backpropagation and Approximate Inference in Deep Generative Models},
  author    = {Danilo Jimenez Rezende and S. Mohamed and Daan Wierstra},
  booktitle = {ICML},
  year      = {2014}
}

@article{Ruiz2019LearningDR,
  title   = {Learning Disentangled Representations with Reference-Based Variational Autoencoders},
  author  = {Adria Ruiz and Oriol Mart{\'i}nez and Xavier Binefa and Jakob Verbeek},
  journal = {ArXiv},
  year    = {2019},
  volume  = {abs/1901.08534}
}

@article{Shu2020WeaklySD,
  title   = {Weakly Supervised Disentanglement with Guarantees},
  author  = {Rui Shu and Y. Chen and Abhishek Kumar and S. Ermon and Ben Poole},
  journal = {ArXiv},
  year    = {2020},
  volume  = {abs/1910.09772}
}

@inproceedings{Steenkiste2019AreDR,
  title     = {Are Disentangled Representations Helpful for Abstract Visual Reasoning?},
  author    = {Sjoerd van Steenkiste and Francesco Locatello and J. Schmidhuber and Olivier Bachem},
  booktitle = {NeurIPS},
  year      = {2019}
}

@article{Sugiyama2012DensityratioMU,
  title   = {Density-ratio matching under the Bregman divergence: a unified framework of density-ratio estimation},
  author  = {Masashi Sugiyama and T. Suzuki and T. Kanamori},
  journal = {Annals of the Institute of Statistical Mathematics},
  year    = {2012},
  volume  = {64},
  pages   = {1009-1044}
}

@article{Tschannen2018RecentAI,
  title   = {Recent Advances in Autoencoder-Based Representation Learning},
  author  = {M. Tschannen and Olivier Bachem and Mario Lucic},
  journal = {ArXiv},
  year    = {2018},
  volume  = {abs/1812.05069}
}

@article{Watanabe1960InformationTA,
  title   = {Information Theoretical Analysis of Multivariate Correlation},
  author  = {Michael Satosi Watanabe},
  journal = {IBM J. Res. Dev.},
  year    = {1960},
  volume  = {4},
  pages   = {66-82}
}

@inproceedings{Zaheer2017DeepS,
  title     = {Deep Sets},
  author    = {M. Zaheer and Satwik Kottur and Siamak Ravanbakhsh and B. P{\'o}czos and R. Salakhutdinov and Alex Smola},
  booktitle = {NIPS},
  year      = {2017}
}
