@article{Achille2018EmergenceOI,
  title   = {Emergence of Invariance and Disentanglement in Deep Representations},
  author  = {Alessandro Achille and Stefano Soatto},
  journal = {2018 Information Theory and Applications Workshop (ITA)},
  year    = {2018},
  pages   = {1-9}
}

@inproceedings{Belghazi2018MutualIN,
  title     = {Mutual Information Neural Estimation},
  author    = {Mohamed Ishmael Belghazi and Aristide Baratin and Sai Rajeswar and Sherjil Ozair and Yoshua Bengio and R. Devon Hjelm and Aaron C. Courville},
  booktitle = {ICML},
  year      = {2018}
}

@article{Bouchacourt2018MultiLevelVA,
  title   = {Multi-Level Variational Autoencoder: Learning Disentangled Representations from Grouped Observations},
  author  = {Diane Bouchacourt and Ryota Tomioka and Sebastian Nowozin},
  journal = {AAAI Conference on Artificial Intelligence},
  year    = {2018}
}

@inproceedings{Chen2018IsolatingSO,
  title     = {Isolating Sources of Disentanglement in Variational Autoencoders},
  author    = {Tian Qi Chen and Xuechen Li and Roger B. Grosse and David Kristjanson Duvenaud},
  booktitle = {NeurIPS},
  year      = {2018}
}

@article{Chen2020WeaklySD,
  title   = {Weakly Supervised Disentanglement by Pairwise Similarities},
  author  = {Junxiang Chen and K. Batmanghelich},
  journal = {AAAI Conference on Artificial Intelligence},
  year    = {2020}
}

@inproceedings{Davidian1995NonlinearMF,
  title   = {Nonlinear Models for Repeated Measurement Data: An Overview and Update},
  author  = {Marie Davidian and David M. Giltinan},
  journal = {Journal of Agricultural, Biological, and Environmental Statistics},
  number  = {4},
  pages   = {387--419},
  year    = {2003}
}

@article{Denton2017UnsupervisedLO,
  title   = {Unsupervised Learning of Disentangled Representations from Video},
  author  = {Emily L. Denton and Vighnesh Birodkar},
  journal = {ArXiv},
  year    = {2017},
  volume  = {abs/1705.10915}
}

@article{Gelman1998Not,
  author  = {Andrew Gelman and Gary King and Chuanhai Liu},
  journal = {Journal of the American Statistical Association},
  number  = {443},
  pages   = {846--857},
  title   = {Not Asked and Not Answered: Multiple Imputation for Multiple Surveys},
  volume  = {93},
  year    = {1998}
}

@book{Gelman2006Data,
  title     = {Data Analysis Using Regression and Multilevel/Hierarchical Models},
  publisher = {Cambridge University Press},
  author    = {Gelman, Andrew and Hill, Jennifer},
  year      = {2006}
}

@inproceedings{Gondal2019OnTT,
  title     = {On the Transfer of Inductive Bias from Simulation to the Real World: a New Disentanglement Dataset},
  author    = {Muhammad Waleed Gondal and Manuel W{\"u}thrich and Dorde Miladinovic and Francesco Locatello and Martin Breidt and Valentin Volchkov and Joel Bessekon Akpo and Olivier Bachem and Bernhard Sch{\"o}lkopf and Stefan Bauer},
  booktitle = {NeurIPS},
  year      = {2019}
}

@article{Greenland1999ConfoundingAC,
  title   = {Confounding and Collapsibility in Causal Inference},
  author  = {Sander Greenland and James M. Robins and Judea Pearl},
  journal = {Statistical Science},
  year    = {1999},
  volume  = {14},
  pages   = {29-46}
}

@inproceedings{Hosoya2019GroupbasedLO,
  title     = {Group-based Learning of Disentangled Representations with Generalizability for Novel Contents},
  author    = {Haruo Hosoya},
  booktitle = {IJCAI},
  year      = {2019}
}

@inproceedings{Hsu2017UnsupervisedLO,
  title     = {Unsupervised Learning of Disentangled and Interpretable Representations from Sequential Data},
  author    = {Wei-Ning Hsu and Yu Zhang and James R. Glass},
  booktitle = {NIPS},
  year      = {2017}
}

@inproceedings{JimenezRezende2014StochasticBA,
  title     = {Stochastic Backpropagation and Approximate Inference in Deep Generative Models},
  author    = {Danilo Jimenez Rezende and Shakir Mohamed and Daan Wierstra},
  booktitle = {ICML},
  year      = {2014}
}

@article{Jordan2004AnIT,
  title   = {An Introduction to Variational Methods for Graphical Models},
  author  = {Michael I. Jordan and Zoubin Ghahramani and T. Jaakkola and Lawrence K. Saul},
  journal = {Machine Learning},
  year    = {2004},
  volume  = {37},
  pages   = {183-233}
}

@article{Kairouz2021AdvancesAO,
  title   = {Advances and Open Problems in Federated Learning},
  author  = {Peter Kairouz and H. B. McMahan and Brendan Avent and Aur{\'e}lien Bellet and Mehdi Bennis and Arjun Nitin Bhagoji and Keith Bonawitz and Zachary B. Charles and Graham Cormode and Rachel Cummings and Rafael G. L. D'Oliveira and Salim Y. El Rouayheb and David Evans and Josh Gardner and Zachary Garrett and Adri{\`a} Gasc{\'o}n and Badih Ghazi and Phillip B. Gibbons and Marco Gruteser and Za{\"i}d Harchaoui and Chaoyang He and Lie He and Zhouyuan Huo and Ben Hutchinson and Justin Hsu and Martin Jaggi and Tara Javidi and Gauri Joshi and Mikhail Khodak and Jakub Konecn{\'y} and Aleksandra Korolova and Farinaz Koushanfar and Oluwasanmi Koyejo and Tancr{\`e}de Lepoint and Yang Liu and Prateek Mittal and Mehryar Mohri and Richard Nock and Ayfer {\"O}zg{\"u}r and R. Pagh and Mariana Raykova and Hang Qi and Daniel Ramage and Ramesh Raskar and Dawn Xiaodong Song and Weikang Song and Sebastian U. Stich and Ziteng Sun and Ananda Theertha Suresh and Florian Tram{\`e}r and Praneeth Vepakomma and Jianyu Wang and Li Xiong and Zheng Xu and Qiang Yang and Felix X. Yu and Han Yu and Sen Zhao},
  journal = {Found. Trends Mach. Learn.},
  year    = {2021},
  volume  = {14},
  pages   = {1-210}
}

@inproceedings{Kelly1999Impact,
  author    = {Kelly, Mark G. and Hand, David J. and Adams, Niall M.},
  title     = {The Impact of Changing Populations on Classifier Performance},
  year      = {1999},
  isbn      = {1581131437},
  publisher = {Association for Computing Machinery},
  booktitle = {Proceedings of the Fifth ACM SIGKDD International Conference on Knowledge Discovery and Data Mining},
  pages     = {367â€“371},
  numpages  = {5}
}

@article{Khemakhem2020VariationalAA,
  title   = {Variational Autoencoders and Nonlinear ICA: A Unifying Framework},
  author  = {Ilyes Khemakhem and Diederik P. Kingma and Aapo Hyv{\"a}rinen},
  journal = {ArXiv},
  year    = {2020},
  volume  = {abs/1907.04809}
}

@article{Kim2018DisentanglingBF,
  title   = {Disentangling by Factorising},
  author  = {Hyunjik Kim and Andriy Mnih},
  journal = {ArXiv},
  year    = {2018},
  volume  = {abs/1802.05983}
}

@article{Kingma2014AutoEncodingVB,
  title   = {Auto-Encoding Variational Bayes},
  author  = {Diederik P. Kingma and Max Welling},
  journal = {CoRR},
  year    = {2014},
  volume  = {abs/1312.6114}
}

@article{Koren2009MatrixFT,
  title   = {Matrix Factorization Techniques for Recommender Systems},
  author  = {Yehuda Koren and Robert M. Bell and Chris Volinsky},
  journal = {Computer},
  year    = {2009},
  volume  = {42}
}

@article{Kotovenko2019ContentAS,
  title   = {Content and Style Disentanglement for Artistic Style Transfer},
  author  = {Dmytro Kotovenko and Artsiom Sanakoyeu and Sabine Lang and Bj{\"o}rn Ommer},
  journal = {2019 IEEE/CVF International Conference on Computer Vision (ICCV)},
  year    = {2019},
  pages   = {4421-4430}
}

@inproceedings{Kulkarni2015DeepCI,
  title     = {Deep Convolutional Inverse Graphics Network},
  author    = {Tejas D. Kulkarni and William F. Whitney and Pushmeet Kohli and Joshua B. Tenenbaum},
  booktitle = {NIPS},
  year      = {2015}
}

@inproceedings{Li2018DisentangledSA,
  title     = {Disentangled Sequential Autoencoder},
  author    = {Yingzhen Li and Stephan Mandt},
  booktitle = {ICML},
  year      = {2018}
}

@article{Liang1986LongitudinalDA,
  title   = {Longitudinal data analysis using generalized linear models},
  author  = {Kung Yee Liang and Scott L. Zeger},
  journal = {Biometrika},
  year    = {1986},
  volume  = {73},
  pages   = {13-22}
}

@article{Locatello2019ChallengingCA,
  title   = {Challenging Common Assumptions in the Unsupervised Learning of Disentangled Representations},
  author  = {Francesco Locatello and Stefan Bauer and Mario Lucic and Sylvain Gelly and Bernhard Sch{\"o}lkopf and Olivier Bachem},
  journal = {Proceedings of the 36th International Conference on Machine Learning},
  year    = {2019}
}

@article{Locatello2020WeaklySupervisedDW,
  title   = {Weakly-Supervised Disentanglement Without Compromises},
  author  = {Francesco Locatello and Ben Poole and Gunnar R{\"a}tsch and Bernhard Scholkopf and Olivier Bachem and Michael Tschannen},
  journal = {Proceedings of the 37th International Conference on Machine Learning},
  year    = {2020}
}

@article{Louizos2016TheVF,
  title   = {The Variational Fair Autoencoder},
  author  = {Christos Louizos and Kevin Swersky and Yujia Li and Max Welling and Richard S. Zemel},
  journal = {CoRR},
  year    = {2016},
  volume  = {abs/1511.00830}
}

@inproceedings{Mita2021AnID,
  title     = {An Identifiable Double VAE For Disentangled Representations},
  author    = {Graziano Mita and Maurizio Filippone and Pietro Michiardi},
  booktitle = {ICML},
  year      = {2021}
}

@article{Morabia2010HistoryOT,
  title   = {History of the modern epidemiological concept of confounding},
  author  = {Alfredo Morabia},
  journal = {Journal of Epidemiology \& Community Health},
  year    = {2010},
  volume  = {65},
  pages   = {297 - 300}
}

@inproceedings{Nmeth2020AdversarialDW,
  title     = {Adversarial Disentanglement with Grouped Observations},
  author    = {J{\'o}zsef N{\'e}meth},
  booktitle = {AAAI},
  year      = {2020}
}

@article{Pinheiro2001MixedEffectsMI,
  title   = {Mixed-Effects Models in S and S-PLUS},
  author  = {Josae C. Pinheiro and Douglas M. Bates},
  journal = {Technometrics},
  year    = {2001},
  volume  = {43},
  pages   = {113 - 114}
}

@inproceedings{Quinn2002ExperimentalDA,
  title  = {Experimental Design and Data Analysis for Biologists},
  author = {Gerry P. Quinn and Michael Keough},
  year   = {2002}
}

@inproceedings{Reed2015DeepVA,
  title     = {Deep Visual Analogy-Making},
  author    = {Scott E. Reed and Yi Zhang and Y. Zhang and Honglak Lee},
  booktitle = {NIPS},
  year      = {2015}
}

@article{Rubin1975InferenceAM,
  title   = {Inference and Missing Data},
  author  = {Donald B. Rubin},
  journal = {Psychometrika},
  year    = {1975},
  volume  = {1975},
  pages   = {19}
}

@article{Campion1989MultipleIF,
  title   = {Multiple Imputation for Nonresponse in Surveys},
  author  = {William M. Campion and Donald B. Rubin},
  journal = {Journal of Marketing Research},
  year    = {1989},
  volume  = {26},
  pages   = {485}
}

@article{Rubin1996MultipleIA,
  title   = {Multiple Imputation After 18+ Years},
  author  = {Donald B. Rubin},
  journal = {Journal of the American Statistical Association},
  year    = {1996},
  volume  = {91},
  pages   = {473-489}
}

@article{Schafer2002MissingDO,
  title   = {Missing data: our view of the state of the art.},
  author  = {Joseph L. Schafer and John W. Graham},
  journal = {Psychological methods},
  year    = {2002},
  volume  = {7 2},
  pages   = {
             147-77
             }
}

@inproceedings{Shu2020Weakly,
  title     = {Weakly Supervised Disentanglement with Guarantees},
  author    = {Rui Shu and Yining Chen and Abhishek Kumar and Stefano Ermon and Ben Poole},
  booktitle = {International Conference on Learning Representations},
  year      = {2020}
}

@article{Spratt2010StrategiesFM,
  title   = {Strategies for multiple imputation in longitudinal studies.},
  author  = {Michael Spratt and James R. Carpenter and Jonathan A. C. Sterne and John B. Carlin and Jon Heron and John A Henderson and Kate Tilling},
  journal = {American journal of epidemiology},
  year    = {2010},
  volume  = {172 4},
  pages   = {
             478-87
             }
}

@article{Tenenbaum2000SeparatingSA,
  title   = {Separating Style and Content with Bilinear Models},
  author  = {Joshua B. Tenenbaum and William T. Freeman},
  journal = {Neural Computation},
  year    = {2000},
  volume  = {12},
  pages   = {1247-1283}
}

@article{Tschannen2018RecentAI,
  title   = {Recent Advances in Autoencoder-Based Representation Learning},
  author  = {Michael Tschannen and Olivier Bachem and Mario Lucic},
  journal = {Third workshop on Bayesian Deep Learning (NeurIPS)},
  year    = {2018}
}

@inproceedings{Zaheer2017DeepS,
  title     = {Deep Sets},
  author    = {Manzil Zaheer and Satwik Kottur and Siamak Ravanbakhsh and Barnab{\'a}s P{\'o}czos and Ruslan Salakhutdinov and Alex Smola},
  booktitle = {NIPS},
  year      = {2017}
}

@article{Zhu2017UnpairedIT,
  title   = {Unpaired Image-to-Image Translation Using Cycle-Consistent Adversarial Networks},
  author  = {Jun-Yan Zhu and Taesung Park and Phillip Isola and Alexei A. Efros},
  journal = {2017 IEEE International Conference on Computer Vision (ICCV)},
  year    = {2017},
  pages   = {2242-2251}
}
